date,kind,amount,balance,property_value,ltv_after_event,ym
2024-03-28,Interest,297.0,495297.0,550000.0,0.90054,202403
2024-04-30,Interest,1485.9,496782.9,551356.448374767,0.9010194792576864,202404
2024-05-31,Interest,1540.02,498322.92,552716.2421171583,0.9015890651072479,202405
2024-06-28,Interest,1494.97,499817.89,554079.3894777531,0.9020690888197499,202406
2024-07-31,Interest,1549.44,501367.33,555445.8987274785,0.9026393590242147,202407
2024-08-14,Payment,2123.44,499243.89,556815.7781576602,0.896605142282159,202408
2024-08-30,Interest,1496.86,500740.75,556815.7781576602,0.8992933922540846,202408
2024-09-05,Payment,2123.44,498617.31,558189.036080072,0.8932767893500393,202409
2024-09-30,Interest,1545.21,500162.52,558189.036080072,0.8960450450844252,202409
2024-10-07,Payment,2123.44,498039.08,559565.6808269876,0.8900457927726074,202410
2024-10-31,Interest,1493.25,499532.33,559565.6808269876,0.892714380306055,202410
2024-11-05,Payment,2123.44,497408.89,560945.7207512298,0.8867326580793949,202411
2024-11-29,Interest,1541.05,498949.94,560945.7207512298,0.8894798935836362,202411
2024-12-05,Payment,2123.44,496826.5,562329.1642262215,0.8835154418562752,202412
2024-12-31,Interest,1539.44,498365.94,562329.1642262215,0.8862530555137818,202412
2025-01-06,Payment,2123.44,496242.5,563716.0196460374,0.8803058325566042,202501
2025-01-31,Interest,1388.73,497631.23,563716.0196460374,0.8827693602045713,202501
2025-02-05,Payment,2123.44,495507.79,565106.2954254538,0.8768399750828206,202502
2025-02-28,Interest,1535.14,497042.93,565106.2954254538,0.8795565259555095,202502
2025-03-05,Payment,2123.44,494919.49,566500.0,0.8736442894969109,202503
2025-03-31,Interest,1484.32,496403.81,566500.0,0.8762644483671668,202503
2025-04-07,Payment,2123.44,494280.37,567897.1418260101,0.8703695327831664,202504
2025-04-30,Interest,1538.88,495819.25,567897.1418260101,0.8730793192685358,202504
2025-05-06,Payment,2123.44,493695.81,569297.7293806731,0.8672014387569772,202505
2025-05-30,Interest,1531.56,495227.37,569297.7293806731,0.8698917006725941,202505
2025-06-05,Payment,2123.44,493103.93,570701.7711620858,0.8640308387267172,202506
2025-06-30,Interest,1480.2,494584.13,570701.7711620858,0.8666244875899158,202506
2025-07-07,Payment,2323.44,492260.69,572109.275689303,0.8604312338877956,202507
2025-07-31,Interest,1527.44,493788.13,572109.275689303,0.8631010734882106,202507
2025-08-05,Payment,2323.44,491464.69,573520.2515023899,0.8569264794269467,202508
2025-08-29,Interest,1524.51,492989.2,573520.2515023899,0.8595846418824248,202508
2025-09-05,Payment,2323.44,490665.76,574934.7071624743,0.8534286657029732,202509
2025-09-30,Interest,1472.96,492138.72,574934.7071624743,0.8559906261858766,202509
2025-10-06,Payment,2323.44,489815.28,576352.6512517973,0.8498534342405744,202510
2025-10-31,Interest,1519.63,491334.91,576352.6512517973,0.8524900665119787,202510
2025-11-05,Payment,2323.44,489011.47,577774.0923737666,0.8463714044202152,202511
2025-11-28,Interest,1468.0,490479.47,577774.0923737666,0.8489121898575974,202511
2025-12-05,Payment,2323.44,488156.03,579199.0391530081,0.8428122234350649,202512
2025-12-31,Interest,1514.25,489670.28,579199.0391530081,0.8454266096782023,202512
2026-01-05,Payment,2323.44,487346.84,580627.5002354186,0.8393450875172165,202601
2026-01-31,Interest,1511.94,488858.78,580627.5002354186,0.8419490633870934,202601
2026-02-05,Payment,2323.44,486535.34,582059.4842882174,0.8358859414428563,202602
2026-02-28,Interest,1363.46,487898.8,582059.4842882174,0.8382284168028572,202602
2026-03-05,Payment,2323.44,485575.36,583495.0,0.8321842689311819,202603
2026-03-31,Interest,1506.45,487081.81,583495.0,0.8347660391262993,202603
2026-04-05,Payment,2323.44,484758.37,584934.0560807902,0.8287402057729494,202604
2026-04-30,Interest,1455.44,486213.81,584934.0560807902,0.8312284178797155,202604
2026-05-05,Payment,2323.44,483890.37,586376.6612620933,0.8252210600580419,202605
2026-05-31,Interest,1501.22,485391.59,586376.6612620933,0.8277812233441605,202605
2026-06-05,Payment,2323.44,483068.15,587822.8242969483,0.8217920945444104,202606
2026-06-30,Interest,1450.37,484518.52,587822.8242969483,0.8242594536533981,202606
2026-07-05,Payment,2323.44,482195.08,589272.5539599821,0.8182887133629274,202607
2026-07-31,Interest,1495.97,483691.05,589272.5539599821,0.8208273858158474,202607
2026-08-05,Payment,2323.44,481367.61,590725.8590474617,0.8148747894263499,202608
2026-08-31,Interest,1493.4,482861.01,590725.8590474617,0.8174028656517722,202608
2026-09-05,Payment,2323.44,480537.57,592182.7483773485,0.8114683707296951,202609
2026-09-30,Interest,1442.77,481980.34,592182.7483773485,0.8139047301203619,202609
2026-10-05,Payment,2323.44,479656.9,593643.2307893512,0.807988493968361,202610
2026-10-31,Interest,1488.1,481145.0,593643.2307893512,0.8104952184163452,202610
2026-11-05,Payment,2323.44,478821.56,595107.3151449797,0.8045969992544113,202611
2026-11-30,Interest,1437.63,480259.19,595107.3151449797,0.8070127484200047,202611
2026-12-05,Payment,2323.44,477935.75,596575.0103275984,0.8011327020512479,202612
2026-12-31,Interest,1482.76,479418.51,596575.0103275984,0.8036181564774829,202612
2027-01-05,Payment,2323.44,477095.07,598046.3252424811,0.797756043073351,202701
2027-01-31,Interest,1480.16,478575.23,598046.3252424811,0.8002310352897145,202701
2027-02-05,Payment,2323.44,476251.79,599521.2688168639,0.7943868128980106,202702
2027-02-28,Interest,1334.67,477586.46,599521.2688168639,0.7966130391712402,202702
2027-03-05,Payment,2323.44,475263.02,600999.85,0.7907872522763525,202703
2027-03-31,Interest,1474.48,476737.5,600999.85,0.7932406305925035,202703
2027-04-05,Payment,2323.44,474414.06,602482.077763214,0.787432651542629,202704
2027-04-30,Interest,1424.4,475838.46,602482.077763214,0.7897968712473682,202704
2027-05-05,Payment,2323.44,473515.02,603967.9610999561,0.7840068521807464,202705
2027-05-31,Interest,1469.06,474984.08,603967.9610999561,0.786439199746542,202705
2027-06-05,Payment,2323.44,472660.64,605457.5090258567,0.7806669055281541,202706
2027-06-30,Interest,1419.14,474079.78,605457.5090258567,0.7830108189801209,202706
2027-07-05,Payment,2323.44,471756.34,606950.7305787816,0.7772564002849759,202707
2027-07-31,Interest,1463.61,473219.95,606950.7305787816,0.7796678151268434,202707
2027-08-05,Payment,2323.44,470896.51,608447.6348188855,0.7739310386836661,202708
2027-08-31,Interest,1460.94,472357.45,608447.6348188855,0.776332132740733,202708
2027-09-05,Payment,2323.44,470034.01,609948.2308286689,0.7706129573675736,202709
2027-09-30,Interest,1411.26,471445.27,609948.2308286689,0.7729266947122704,202709
2027-10-05,Payment,2323.44,469121.83,611452.5277130317,0.7672252689094603,202710
2027-10-31,Interest,1455.44,470577.27,611452.5277130317,0.7696055681707025,202710
2027-11-05,Payment,2323.44,468253.83,612960.5345993291,0.7639216614591365,202711
2027-11-30,Interest,1405.92,469659.75,612960.5345993291,0.7662153164673158,202711
2027-12-05,Payment,2323.44,467336.31,614472.2606374265,0.7605490759097991,202712
2027-12-31,Interest,1449.9,468786.21,614472.2606374265,0.7629086616761216,202712
2028-01-05,Payment,2323.44,466462.77,615987.7149997556,0.7572598586648519,202801
2028-01-31,Interest,1447.2,467909.97,615987.7149997556,0.759609256168665,202801
2028-02-05,Payment,2323.44,465586.53,617506.9068813699,0.7539778499828902,202802
2028-02-29,Interest,1351.36,466937.89,617506.9068813699,0.756166262751947,202802
2028-03-05,Payment,2600.44,464337.45,619029.8455,0.7501051094312705,202803
2028-03-31,Interest,1874.94,466212.39,619029.8455,0.7531339456233052,202803
2028-04-05,Payment,2600.44,463611.95,620556.5400961104,0.7470905873108626,202804
2028-04-30,Interest,1811.68,465423.63,620556.5400961104,0.7500100312018567,202804
2028-05-05,Payment,2600.44,462823.19,622086.9999329548,0.7439846678195825,202805
2028-05-31,Interest,1868.83,464692.02,622086.9999329548,0.7469887974673671,202805
2028-06-05,Payment,2600.44,462091.58,623621.2342966325,0.7409811510366258,202806
2028-06-30,Interest,1805.75,463897.33,623621.2342966325,0.7438767387759314,202806
2028-07-05,Payment,2600.44,461296.89,625159.252496145,0.7378870074435067,202807
2028-07-31,Interest,1862.68,463159.57,625159.252496145,0.7408665362476676,202807
2028-08-05,Payment,2600.44,460559.13,626701.0638634521,0.734894444188064,202808
2028-08-31,Interest,1859.7,462418.83,626701.0638634521,0.7378618876906096,202808
2028-09-05,Payment,2600.44,459818.39,628246.677753529,0.7319073960632927,202809
2028-09-30,Interest,1796.87,461615.26,628246.677753529,0.7347675305671872,202809
2028-10-05,Payment,2600.44,459014.82,629796.1035444228,0.7288308349586722,202810
2028-10-31,Interest,1853.47,460868.29,629796.1035444228,0.731773803309173,202810
2028-11-05,Payment,2600.44,458267.85,631349.3506373089,0.7258546310967238,202811
2028-11-30,Interest,1790.82,460058.67,631349.3506373089,0.7286911272429418,202811
2028-12-05,Payment,2600.44,457458.23,632906.4284565492,0.722789672267337,202812
2028-12-31,Interest,1847.19,459305.42,632906.4284565492,0.7257082553578971,202812
2029-01-05,Payment,2600.44,456704.98,634467.3464497483,0.7198242471508696,202901
2029-01-31,Interest,1844.15,458549.13,634467.3464497483,0.7227308585160079,202901
2029-02-05,Payment,2600.44,455948.69,636032.114087811,0.716864258739381,202902
2029-02-28,Interest,1663.09,457611.78,636032.114087811,0.7194790480922507,202902
2029-03-05,Payment,2600.44,455011.34,637600.740865,0.7136305070516537,202903
2029-03-31,Interest,1837.32,456848.66,637600.740865,0.7165121222729712,202903
2029-04-05,Payment,2600.44,454248.22,639173.2362989938,0.710680914348408,202904
2029-04-30,Interest,1775.13,456023.35,639173.2362989938,0.7134581426477006,202904
2029-05-05,Payment,2600.44,453422.91,640749.6099309435,0.7076444573237702,202905
2029-05-31,Interest,1830.91,455253.82,640749.6099309435,0.710501907366069,202905
2029-06-05,Payment,2600.44,452653.38,642329.8713255315,0.7047054795472779,202906
2029-06-30,Interest,1768.9,454422.28,642329.8713255315,0.7074593605031015,202906
2029-07-05,Payment,2600.44,451821.84,643914.0300710293,0.7016803779693388,202907
2029-07-31,Interest,1824.45,453646.29,643914.0300710293,0.7045137531014176,202907
2029-08-05,Payment,2600.44,451045.85,645502.0957793556,0.6987519528583772,202908
2029-08-31,Interest,1821.32,452867.17,645502.0957793556,0.7015735083760258,202908
2029-09-05,Payment,2600.44,450266.73,647094.078086135,0.6958288527870978,202909
2029-09-30,Interest,1759.58,452026.31,647094.078086135,0.6985480555422895,202909
2029-10-05,Payment,2600.44,449425.87,648689.9866507554,0.6928207298534483,202910
2029-10-31,Interest,1814.79,451240.66,648689.9866507554,0.6956183528125599,202910
2029-11-05,Payment,2600.44,448640.22,650289.8311564282,0.6899080971359659,202911
2029-11-30,Interest,1753.23,450393.45,650289.8311564282,0.6926041718952501,202911
2029-12-05,Payment,2600.44,447793.01,651893.6213102457,0.6869111698009525,202912
2029-12-31,Interest,1808.2,449601.21,651893.6213102457,0.6896849352450225,202912
2030-01-05,Payment,2600.44,447000.77,653501.3668432408,0.6840089289472362,203001
2030-01-31,Interest,1805.0,448805.77,653501.3668432408,0.6867709736675389,203001
2030-02-05,Payment,2600.44,446205.33,655113.0775104453,0.6811119260443791,203002
2030-02-28,Interest,1627.59,447832.92,655113.0775104453,0.6835963673658455,203002
2030-03-05,Payment,2600.44,445232.48,656728.7630909501,0.677954895571309,203003
2030-03-31,Interest,1797.87,447030.35,656728.7630909501,0.680692509790516,203003
2030-04-05,Payment,2600.44,444429.91,658348.4333879636,0.6750679237024906,203004
2030-04-30,Interest,1736.8,446166.71,658348.4333879636,0.6777060404077467,203004
2030-05-05,Payment,2600.44,443566.27,659972.0982288718,0.6720985193016078,203005
2030-05-31,Interest,1791.15,445357.42,659972.0982288718,0.6748124976725219,203005
2030-06-05,Payment,2600.44,442756.98,661599.7674652975,0.6692217890225055,203006
2030-06-30,Interest,1730.26,444487.24,661599.7674652975,0.6718370559634672,203006
2030-07-05,Payment,2600.44,441886.8,663231.4509731602,0.6662633374090131,203007
2030-07-31,Interest,1784.37,443671.17,663231.4509731602,0.6689537556595074,203007
2030-08-05,Payment,2600.44,441070.73,664867.1586527365,0.663396776724196,203008
2030-08-31,Interest,1781.08,442851.81,664867.1586527365,0.6660756276447455,203008
2030-09-05,Payment,2600.44,440251.37,666506.9004287191,0.6605353518723,203009
2030-09-30,Interest,1720.48,441971.85,666506.9004287191,0.6631166904884394,203009
2030-10-05,Payment,2600.44,439371.41,668150.6862502781,0.6575932930126764,203010
2030-10-31,Interest,1774.22,441145.63,668150.6862502781,0.6602487119720688,203010
2030-11-05,Payment,2600.44,438545.19,669798.5260911211,0.6547419454015627,203011
2030-11-30,Interest,1713.82,440259.01,669798.5260911211,0.6573006551228302,203011
2030-12-05,Payment,2600.44,437658.57,671450.4299495531,0.651810692909798,203012
2030-12-31,Interest,1767.31,439425.88,671450.4299495531,0.6544427710516391,203012
2031-01-05,Payment,2600.44,436825.44,673106.407848538,0.6489693678540855,203101
2031-01-31,Interest,1763.95,438589.39,673106.407848538,0.65158997877003,203101
2031-02-05,Payment,2600.44,435988.95,674766.4698357587,0.6461330986202112,203102
2031-02-28,Interest,1590.36,437579.31,674766.4698357587,0.64849000292873,203102
2031-03-05,Payment,2600.44,434978.87,676430.6259836786,0.6430502305649529,203103
2031-03-31,Interest,1756.5,436735.37,676430.6259836786,0.6456469491825432,203103
2031-04-05,Payment,2600.44,434134.93,678098.8863896026,0.6402236291987762,203104
2031-04-30,Interest,1696.6,435831.53,678098.8863896026,0.6427256241644858,203104
2031-05-05,Payment,2600.44,433231.09,679771.261175738,0.637318925855559,203105
2031-05-31,Interest,1749.45,434980.54,679771.261175738,0.6398925121483572,203105
2031-06-05,Payment,2600.44,432380.1,681447.7604892565,0.6345021952813605,203106
2031-06-30,Interest,1689.75,434069.85,681447.7604892565,0.6369818424355118,203106
2031-07-05,Payment,2600.44,431469.41,683128.394502355,0.631608074664085,203107
2031-07-31,Interest,1742.35,433211.76,683128.394502355,0.6341586200872031,203107
2031-08-05,Payment,2600.44,430611.32,684813.1734123186,0.628801163176126,203108
2031-08-31,Interest,1738.88,432350.2,684813.1734123186,0.6313403666662333,203108
2031-09-05,Payment,2600.44,429749.76,686502.1074415806,0.6259991853507464,203109
2031-09-30,Interest,1679.48,431429.24,686502.1074415806,0.6284456162965434,203109
2031-10-05,Payment,2600.44,428828.8,688195.2068377865,0.6231208757911019,203110
2031-10-31,Interest,1731.69,430560.49,688195.2068377865,0.6256371531246174,203110
2031-11-05,Payment,2600.44,427960.05,689892.4818738548,0.6203286182182972,203111
2031-11-30,Interest,1672.5,429632.55,689892.4818738548,0.6227529090229414,203111
2031-12-05,Payment,2600.44,427032.11,691593.9428480398,0.6174607432815956,203112
2031-12-31,Interest,1724.44,428756.55,691593.9428480398,0.619954171712878,203112
2032-01-05,Payment,2600.44,426156.11,693299.6000839941,0.6146781419582107,203201
2032-01-31,Interest,1720.91,427877.02,693299.6000839941,0.6171603444573778,203201
2032-02-05,Payment,2600.44,425276.58,695009.4639308314,0.6119004158514945,203202
2032-02-29,Interest,1606.67,426883.25,695009.4639308314,0.6142121397680481,203202
2032-03-05,Payment,2600.44,424282.81,696723.544763189,0.6089686694084817,203203
2032-03-31,Interest,1713.35,425996.16,696723.544763189,0.6114278227023213,203203
2032-04-05,Payment,2355.87,423640.29,698441.8529812908,0.6065505499014648,203204
2032-04-30,Interest,1394.08,425034.37,698441.8529812908,0.6085465356718613,203204
2032-05-05,Payment,2355.87,422678.5,700164.3990110102,0.6036846497723077,203205
2032-05-31,Interest,1437.24,424115.74,700164.3990110102,0.6057373676797451,203205
2032-06-05,Payment,2355.87,421759.87,701891.1933039342,0.6008906708384483,203206
2032-06-30,Interest,1387.9,423147.77,701891.1933039342,0.6028680428488691,203206
2032-07-05,Payment,2355.87,420791.9,703622.2463374258,0.5980366626984205,203207
2032-07-31,Interest,1430.83,422222.73,703622.2463374258,0.6000701828258012,203207
2032-08-05,Payment,2355.87,419866.86,705357.568614688,0.5952539232330241,203208
2032-08-31,Interest,1427.69,421294.55,705357.568614688,0.5972779888467297,203208
2032-09-05,Payment,2355.87,418938.68,707097.1706648279,0.5924768156066936,203209
2032-09-30,Interest,1378.62,420317.3,707097.1706648279,0.5944265052069274,203209
2032-10-05,Payment,2355.87,417961.43,708841.0630429201,0.5896405439687297,203210
2032-10-31,Interest,1421.21,419382.64,708841.0630429201,0.5916455209291487,203210
2032-11-05,Payment,2355.87,417026.77,710589.2563300704,0.5868745780843752,203211
2032-11-30,Interest,1372.34,418399.11,710589.2563300704,0.5888058484881632,203211
2032-12-05,Payment,2355.87,416043.24,712341.7611334809,0.5840500483054516,203212
2032-12-31,Interest,1414.7,417457.94,712341.7611334809,0.5860360332317726,203212
2033-01-05,Payment,2355.87,415102.07,714098.588086514,0.5812951837816963,203301
2033-01-31,Interest,1411.5,416513.57,714098.588086514,0.5832718016094702,203301
2033-02-05,Payment,2355.87,414157.7,715859.7478487564,0.5785458691379046,203302
2033-02-28,Interest,1272.13,415429.83,715859.7478487564,0.5803229351118233,203302
2033-03-05,Payment,2355.87,413073.96,717625.2511060847,0.5756123538898945,203303
2033-03-31,Interest,1404.61,414478.57,717625.2511060847,0.577569656810653,203303
2033-04-05,Payment,2355.87,412122.7,719395.1085707295,0.5728739257329561,203304
2033-04-30,Interest,1356.21,413478.91,719395.1085707295,0.574759134547754,203304
2033-05-05,Payment,2355.87,411123.04,721169.3309813404,0.5700783745761333,203305
2033-05-31,Interest,1397.98,412521.02,721169.3309813404,0.5720168652189588,203305
2033-06-05,Payment,2355.87,410165.15,722947.9291030521,0.5673508886163962,203306
2033-06-30,Interest,1349.78,411514.93,722947.9291030521,0.5692179387117946,203306
2033-07-05,Payment,2355.87,409159.06,724730.9137275486,0.5645668650941763,203307
2033-07-31,Interest,1391.31,410550.37,724730.9137275486,0.5664866258959392,203307
2033-08-05,Payment,2355.87,408194.5,726518.2956731287,0.5618502691963214,203308
2033-08-31,Interest,1388.03,409582.53,726518.2956731287,0.5637607923149636,203308
2033-09-05,Payment,2355.87,407226.66,728310.085784773,0.5591391193782559,203309
2033-09-30,Interest,1340.12,408566.78,728310.085784773,0.5609791598035592,203309
2033-10-05,Payment,2355.87,406210.91,730106.2949342077,0.5563722882797566,203310
2033-10-31,Interest,1381.3,407592.21,730106.2949342077,0.5582642045795941,203310
2033-11-05,Payment,2355.87,405236.34,731906.9340199726,0.5536719508507099,203311
2033-11-30,Interest,1333.57,406569.91,731906.9340199726,0.5554939994446143,203311
2033-12-05,Payment,2355.87,404214.04,733712.0139674854,0.5509164799063966,203312
2033-12-31,Interest,1374.51,405588.55,733712.0139674854,0.5527898443516202,203312
2034-01-05,Payment,2355.87,403232.68,735521.5457291094,0.5482268770254481,203401
2034-01-31,Interest,1371.18,404603.86,735521.5457291094,0.5500911052155832,203401
2034-02-05,Payment,2355.87,402247.99,737335.5402842191,0.5455426573428785,203402
2034-02-28,Interest,1235.59,403483.58,737335.5402842191,0.5472184072999792,203402
2034-03-05,Payment,2355.87,401127.71,739154.0086392672,0.5426848874681058,203403
2034-03-31,Interest,1364.03,402491.74,739154.0086392672,0.5445302809639905,203403
2034-04-05,Payment,2355.87,400135.87,740976.9618278512,0.5400112157508107,203404
2034-04-30,Interest,1316.81,401452.68,740976.9618278512,0.5417883425278047,203404
2034-05-05,Payment,2355.87,399096.81,742804.4109107808,0.5372838450308234,203405
2034-05-31,Interest,1357.13,400453.94,742804.4109107808,0.5391108804927373,203405
2034-06-05,Payment,2355.87,398098.07,744636.3669761438,0.5346207728432824,203406
2034-06-30,Interest,1310.11,399408.18,744636.3669761438,0.5363801685135746,203406
2034-07-05,Payment,2355.87,397052.31,746472.841139375,0.5319045625209368,203407
2034-07-31,Interest,1350.18,398402.49,746472.841139375,0.5337133088350547,203407
2034-08-05,Payment,2355.87,396046.62,748313.8445433226,0.5292520282605455,203408
2034-08-31,Interest,1346.76,397393.38,748313.8445433226,0.5310517544179867,203408
2034-09-05,Payment,2355.87,395037.51,750159.3883583162,0.5266047671075857,203409
2034-09-30,Interest,1300.04,396337.55,750159.3883583162,0.5283377854769818,203409
2034-10-05,Payment,2355.87,393981.68,752009.483782234,0.5239052013260098,203410
2034-10-31,Interest,1339.75,395321.43,752009.483782234,0.5256867613048304,203410
2034-11-05,Payment,2355.87,392965.56,753864.1420405717,0.5212684064482951,203411
2034-11-30,Interest,1293.23,394258.79,753864.1420405717,0.522983874697653,203411
2034-12-05,Payment,2355.87,391902.92,755723.37438651,0.5185798577662674,203412
2034-12-31,Interest,1332.69,393235.61,755723.37438651,0.5203433204897565,203412
2035-01-05,Payment,2355.87,390879.74,757587.1921009828,0.5159534692184944,203501
2035-01-31,Interest,1329.21,392208.95,757587.1921009828,0.5177079999363564,203501
2035-02-05,Payment,2355.87,389853.08,759455.6064927458,0.5133322825811858,203502
2035-02-28,Interest,1197.55,391050.63,759455.6064927458,0.5149091357767668,203502
2035-03-05,Payment,2355.87,388694.76,761328.6288984453,0.5105479358662717,203503
2035-03-31,Interest,1321.79,390016.55,761328.6288984453,0.5122840980829907,203503
2035-04-05,Payment,2355.87,387660.68,763206.2706826868,0.5079369691934503,203504
2035-04-30,Interest,1275.79,388936.47,763206.2706826868,0.5096085880585034,203504
2035-05-05,Payment,2355.87,386580.6,765088.5432381041,0.5052756356327921,203505
2035-05-31,Interest,1314.61,387895.21,765088.5432381041,0.506993881202692,203505
2035-06-05,Payment,2355.87,385539.34,766975.4579854282,0.502674936969528,203506
2035-06-30,Interest,1268.82,386808.16,766975.4579854282,0.5043292532671221,203506
2035-07-05,Payment,2355.87,384452.29,768867.0263735562,0.5000244214052336,203507
2035-07-31,Interest,1307.38,385759.67,768867.0263735562,0.501724819465177,203507
2035-08-05,Payment,2355.87,383403.8,770763.2598796223,0.49743393329344726,203508
2035-08-31,Interest,1303.81,384707.61,770763.2598796223,0.4991255162578502,203508
2035-09-05,Payment,2355.87,382351.74,772664.1700090657,0.4948485446083437,203509
2035-09-30,Interest,1258.34,383610.08,772664.1700090657,0.4964771176014272,203509
2035-10-05,Payment,2355.87,381254.21,774569.768295701,0.49221416275886953,203510
2035-10-31,Interest,1296.51,382550.72,774569.768295701,0.4938880081025274,203510
2035-11-05,Payment,2355.87,380194.85,776480.0663017889,0.48963890574910446,203511
2035-11-30,Interest,1251.25,381446.1,776480.0663017889,0.4912503444122493,203511
2035-12-05,Payment,2355.87,379090.23,778395.0756181052,0.4870151955919985,203512
2035-12-31,Interest,1289.16,380379.39,778395.0756181052,0.48867137256482474,203512
2036-01-05,Payment,2355.87,378023.52,780314.8078640122,0.4844500145201388,203601
2036-01-31,Interest,1285.54,379309.06,780314.8078640122,0.4860974778093707,203601
2036-02-05,Payment,2355.87,376953.19,782239.2746875281,0.48188987973095193,203602
2036-02-29,Interest,1199.28,378152.47,782239.2746875281,0.48342301676306915,203602
2036-03-05,Payment,2355.87,375796.6,784168.4877653986,0.47922940779077555,203603
2036-03-31,Interest,1277.97,377074.57,784168.4877653986,0.4808591213280305,203603
2036-04-05,Payment,2355.87,374718.7,786102.4588031675,0.47667921121949575,203604
2036-04-30,Interest,1233.24,375951.94,786102.4588031675,0.4782480143522039,203604
2036-05-05,Payment,2355.87,373596.07,788041.1995352473,0.4740819010736125,203605
2036-05-31,Interest,1270.49,374866.56,788041.1995352473,0.47569411373552567,203605
2036-06-05,Payment,2355.87,372510.69,789984.721724991,0.4715416384086453,203606
2036-06-30,Interest,1225.98,373736.67,789984.721724991,0.4730935418395408,203606
2036-07-05,Payment,2355.87,371380.8,791933.037164763,0.4689548011907648,203607
2036-07-31,Interest,1262.97,372643.77,791933.037164763,0.4705495951199607,203607
2036-08-05,Payment,2355.87,370287.9,793886.157676011,0.4664244317900255,203608
2036-08-31,Interest,1259.26,371547.16,793886.157676011,0.4680106289894908,203608
2036-09-05,Payment,2355.87,369191.29,795844.0951093376,0.4638990127196689,203609
2036-09-30,Interest,1215.07,370406.36,795844.0951093376,0.46542578160250275,203609
2036-10-05,Payment,2355.87,368050.49,797806.8613445722,0.46132780730879086,203610
2036-10-31,Interest,1251.65,369302.14,797806.8613445722,0.4628966707275518,203610
2036-11-05,Payment,2355.87,366946.27,799774.4682908426,0.45881218336987206,203611
2036-11-30,Interest,1207.69,368153.96,799774.4682908426,0.4603222215717428,203611
2036-12-05,Payment,2355.87,365798.09,801746.9278866485,0.4562513148185294,203612
2036-12-31,Interest,1244.0,367042.09,801746.9278866485,0.4578029266261095,203612
2037-01-05,Payment,2355.87,364686.22,803724.2520999326,0.4537454469579151,203701
2037-01-31,Interest,1240.22,365926.44,803724.2520999326,0.4552885383810738,203701
2037-02-05,Payment,2355.87,363570.57,805706.4529281539,0.4512444559413503,203702
2037-02-28,Interest,1116.9,364687.47,805706.4529281539,0.45263069282196716,203702
2037-03-05,Payment,2355.87,362331.6,807693.5423983607,0.44860034280340355,203703
2037-03-31,Interest,1232.23,363563.83,807693.5423983607,0.4501259585664578,203703
2037-04-05,Payment,2355.87,361207.96,809685.5325672626,0.4461089465866102,203704
2037-04-30,Interest,1188.82,362396.78,809685.5325672626,0.4475771956193311,203704
2037-05-05,Payment,2355.87,360040.91,811682.4355213046,0.4435736123435553,203705
2037-05-31,Interest,1224.44,361265.35,811682.4355213046,0.44508213334439917,203705
2037-06-05,Payment,2355.87,358909.48,813684.2633767406,0.44109182904748245,203706
2037-06-30,Interest,1181.27,360090.75,813684.2633767406,0.4425435838044171,203706
2037-07-05,Payment,2355.87,357734.88,815691.0282797059,0.438566647906455,203707
2037-07-31,Interest,1216.61,358951.49,815691.0282797059,0.44005815628134276,203707
2037-08-05,Payment,2355.87,356595.62,817702.7424062913,0.4360944405672772,203708
2037-08-31,Interest,1212.74,357808.36,817702.7424062913,0.4375775467586925,203708
2037-09-05,Payment,2355.87,355452.49,819719.4179626178,0.4336270218942281,203709
2037-09-30,Interest,1169.9,356622.39,819719.4179626178,0.43505421755943235,203709
2037-10-05,Payment,2355.87,354266.52,821741.0671849092,0.4311169712055811,203710
2037-10-31,Interest,1204.83,355471.35,821741.0671849092,0.4325831629880211,203710
2037-11-05,Payment,2355.87,353115.48,823767.7023395678,0.42865904914349406,203711
2037-11-30,Interest,1162.22,354277.7,823767.7023395678,0.4300699080503184,203711
2037-12-05,Payment,2355.87,351921.83,825799.335723248,0.4261590131842155,203712
2037-12-31,Interest,1196.86,353118.69,825799.335723248,0.42760834832923805,203712
2038-01-05,Payment,2355.87,350762.82,827835.9796629306,0.42371052795122516,203801
2038-01-31,Interest,1192.92,351955.74,827835.9796629306,0.4251515380417575,203801
2038-02-05,Payment,2355.87,349599.87,829877.6465159985,0.42126676320020673,203802
2038-02-28,Interest,1074.04,350673.91,829877.6465159985,0.42256097808177273,203802
2038-03-05,Payment,2355.87,348318.04,831924.3486703115,0.41868956060334894,203803
2038-03-31,Interest,1184.62,349502.66,831924.3486703115,0.4201135121944923,203803
2038-04-05,Payment,2355.87,347146.79,833976.0985442804,0.4162550828566318,203804
2038-04-30,Interest,1142.6,348289.39,833976.0985442804,0.41762514610184287,203804
2038-05-05,Payment,2355.87,345933.52,836032.9085869439,0.41377978838739027,203805
2038-05-31,Interest,1176.52,347110.04,836032.9085869439,0.4151870535654901,203805
2038-06-05,Payment,2355.87,344754.17,838094.791278043,0.4113546266935642,203806
2038-06-30,Interest,1134.73,345888.9,838094.791278043,0.4127085666199413,203806
2038-07-05,Payment,2355.87,343533.03,840161.7591280971,0.40888915291325767,203807
2038-07-31,Interest,1168.36,344701.39,840161.7591280971,0.4102797898796586,203807
2038-08-05,Payment,2355.87,342345.52,842233.82467848,0.4064732500273179,203808
2038-08-31,Interest,1164.33,343509.85,842233.82467848,0.40785568085101986,203808
2038-09-05,Payment,2355.87,341153.98,844311.0005014963,0.4040619863976241,203809
2038-09-30,Interest,1122.89,342276.87,844311.0005014963,0.4053919347215629,203809
2038-10-05,Payment,2355.87,339921.0,846393.2992004565,0.40161116625226784,203810
2038-10-31,Interest,1156.09,341077.09,846393.2992004565,0.4029770678976284,203810
2038-11-05,Payment,2355.87,338721.22,848480.7334097549,0.3992090882709791,203811
2038-11-30,Interest,1114.89,339836.11,848480.7334097549,0.4005230721436826,203811
2038-12-05,Payment,2355.87,337480.24,850573.3157949455,0.39676796077783266,203812
2038-12-31,Interest,1147.8,338628.04,850573.3157949455,0.3981174035344835,203812
2039-01-05,Payment,2355.87,336272.17,852671.0590528186,0.3943750247294011,203901
2039-01-31,Interest,1143.69,337415.86,852671.0590528186,0.39571632743676693,203901
2039-02-05,Payment,2355.87,335059.99,854773.9759114786,0.3919866531298084,203902
2039-02-28,Interest,1029.42,336089.41,854773.9759114786,0.39319097149818444,203902
2039-03-05,Payment,2355.87,333733.54,856882.0791304208,0.3894742907200005,203903
2039-03-31,Interest,1135.07,334868.61,856882.0791304208,0.39079894206660337,203903
2039-04-05,Payment,2355.87,332512.74,858995.381500609,0.3870949101252697,203904
2039-04-30,Interest,1094.48,333607.22,858995.381500609,0.3883690496882648,203904
2039-05-05,Payment,2355.87,331251.35,861113.8958445522,0.3846777430935771,203905
2039-05-31,Interest,1126.64,332377.99,861113.8958445522,0.3859860949915511,203905
2039-06-05,Payment,2355.87,330022.12,863237.6350163843,0.38230738166754763,203906
2039-06-30,Interest,1086.3,331108.42,863237.6350163843,0.38356578370649413,203906
2039-07-05,Payment,2355.87,328752.55,865366.61190194,0.3798997389990047,203907
2039-07-31,Interest,1118.15,329870.7,865366.61190194,0.38119185032456476,203907
2039-08-05,Payment,2355.87,327514.83,867500.8394188345,0.37753834361637306,203908
2039-08-31,Interest,1113.94,328628.77,867500.8394188345,0.3788224230655022,203908
2039-09-05,Payment,2355.87,326272.9,869640.3305165411,0.3751814267930782,203909
2039-09-30,Interest,1073.97,327346.87,869640.3305165411,0.37641638561721885,203909
2039-10-05,Payment,2355.87,324991.0,871785.0981764703,0.372787973412014,203910
2039-10-31,Interest,1105.37,326096.37,871785.0981764703,0.37405591203853117,203910
2039-11-05,Payment,2355.87,323740.5,873935.1554120475,0.3704399554076311,203911
2039-11-30,Interest,1065.64,324806.14,873935.1554120475,0.37165931360989674,203911
2039-12-05,Payment,2355.87,322450.27,876090.5152687938,0.3680558850714973,203912
2039-12-31,Interest,1096.74,323547.01,876090.5152687938,0.36930774202107686,203912
2040-01-05,Payment,2355.87,321191.14,878251.1908244032,0.36571671448404414,204001
2040-01-31,Interest,1092.46,322283.6,878251.1908244032,0.3669606182913074,204001
2040-02-05,Payment,2355.87,319927.73,880417.1951888229,0.3633819645371478,204002
2040-02-29,Interest,1018.05,320945.78,880417.1951888229,0.3645382913394449,204002
2040-03-05,Payment,2355.87,318589.91,882588.5415043335,0.36097218014747556,204003
2040-03-31,Interest,1083.62,319673.53,882588.5415043335,0.3621999549814351,204003
2040-04-05,Payment,2355.87,317317.66,884765.2429456271,0.3586461635219328,204004
2040-04-30,Interest,1044.53,318362.19,884765.2429456271,0.3598267365703524,204004
2040-05-05,Payment,2355.87,316006.32,886947.3127198889,0.35628533450419225,204005
2040-05-31,Interest,1074.85,317081.17,886947.3127198889,0.3574971877727972,204005
2040-06-05,Payment,2355.87,314725.3,889134.7640668758,0.35396805154761457,204006
2040-06-30,Interest,1036.0,315761.3,889134.7640668758,0.3551332292483057,204006
2040-07-05,Payment,2355.87,313405.43,891327.6102589981,0.3516164274423542,204007
2040-07-31,Interest,1066.01,314471.44,891327.6102589981,0.35281240744760756,204007
2040-08-05,Payment,2355.87,312115.57,893525.8646013996,0.3493078178987401,204008
2040-08-31,Interest,1061.63,313177.2,893525.8646013996,0.35049595362268315,204008
2040-09-05,Payment,2355.87,310821.33,895729.5404320374,0.34700354958716834,204009
2040-09-30,Interest,1023.17,311844.5,895729.5404320374,0.3481458251891391,204009
2040-10-05,Payment,2355.87,309488.63,897938.6511217644,0.34466567355505445,204010
2040-10-31,Interest,1052.7,310541.33,897938.6511217644,0.34583802536181196,204010
2040-11-05,Payment,2355.87,308185.46,900153.2100744091,0.34237000607321566,204011
2040-11-30,Interest,1014.5,309199.96,900153.2100744091,0.3434970364372091,204011
2040-12-05,Payment,2355.87,306844.09,902373.2307268576,0.3400412152661471,204012
2040-12-31,Interest,1043.72,307887.81,902373.2307268576,0.3411978541872278,204012
2041-01-05,Payment,2355.87,305531.94,904598.7265491352,0.3377541124400471,204101
2041-01-31,Interest,1039.26,306571.2,904598.7265491352,0.3389029754325527,204101
2041-02-05,Payment,2355.87,304215.33,906829.7110444878,0.33547128671997783,204102
2041-02-28,Interest,934.77,305150.1,906829.7110444878,0.336502097674466,204102
2041-03-05,Payment,2355.87,302794.23,909066.1977494635,0.3330827070125528,204103
2041-03-31,Interest,1029.96,303824.19,909066.1977494635,0.3342156938099388,204103
2041-04-05,Payment,2355.87,301468.32,911308.200233996,0.3308083038456059,204104
2041-04-30,Interest,992.42,302460.74,911308.200233996,0.3318973097381735,204104
2041-05-05,Payment,2355.87,300104.87,913555.7321014855,0.32850198346373227,204105
2041-05-31,Interest,1020.83,301125.7,913555.7321014855,0.3296194084484694,204105
2041-06-05,Payment,2355.87,298769.83,915808.8069888821,0.32623603062121137,204106
2041-06-30,Interest,983.55,299753.38,915808.8069888821,0.32730999932788263,204106
2041-07-05,Payment,2355.87,297397.51,918067.4385667681,0.323938631855062,204107
2041-07-31,Interest,1011.63,298409.14,918067.4385667681,0.325040544369876,204107
2041-08-05,Payment,2355.87,296053.27,920331.6405394416,0.32168107338618923,204108
2041-08-31,Interest,1007.06,297060.33,920331.6405394416,0.322775309372045,204108
2041-09-05,Payment,2355.87,294704.46,922601.4266449986,0.3194277089638593,204109
2041-09-30,Interest,970.18,295674.64,922601.4266449986,0.32047927898313405,204109
2041-10-05,Payment,2355.87,293318.77,924876.8106554173,0.3171436094198736,204110
2041-10-31,Interest,997.77,294316.54,924876.8106554173,0.3182224233640711,204110
2041-11-05,Payment,2355.87,291960.67,927157.8063766414,0.31489857281252953,204111
2041-11-30,Interest,961.16,292921.83,927157.8063766414,0.31593524638998266,204111
2041-12-05,Payment,2355.87,290565.96,929444.4276486634,0.31262327402950013,204112
2041-12-31,Interest,988.42,291554.38,929444.4276486634,0.31368672652929136,204112
2042-01-05,Payment,2355.87,289198.51,931736.6883456092,0.3103865218761543,204201
2042-01-31,Interest,983.77,290182.28,931736.6883456092,0.31144236738734354,204201
2042-02-05,Payment,2355.87,287826.41,934034.6023758224,0.30815390486378236,204202
2042-02-28,Interest,884.48,288710.89,934034.6023758224,0.30910085050985403,204202
2042-03-05,Payment,2355.87,286355.02,936338.1836819475,0.3058243538397321,204203
2042-03-31,Interest,974.11,287329.13,936338.1836819475,0.3068646937692323,204203
2042-04-05,Payment,2355.87,284973.26,938647.4462410158,0.30359988847913794,204204
2042-04-30,Interest,938.19,285911.45,938647.4462410158,0.30459940113296463,204204
2042-05-05,Payment,2355.87,283555.58,940962.4040645302,0.30134634367448554,204205
2042-05-31,Interest,964.6,284520.18,940962.4040645302,0.3023714643337524,204205
2042-06-05,Payment,2355.87,282164.31,943283.0711985487,0.29913004761283174,204206
2042-06-30,Interest,928.95,283093.26,943283.0711985487,0.3001148527348188,204206
2042-07-05,Payment,2355.87,280737.39,945609.4617237712,0.296885132143494,204207
2042-07-31,Interest,955.03,281692.42,945609.4617237712,0.2978950945419867,204207
2042-08-05,Payment,2355.87,279336.55,947941.5897556249,0.294676964296937,204208
2042-08-31,Interest,950.27,280286.82,947941.5897556249,0.2956794205772285,204208
2042-09-05,Payment,2355.87,277930.95,950279.4694443486,0.2924728555511285,204209
2042-09-30,Interest,915.04,278845.99,950279.4694443486,0.29343577228186146,204209
2042-10-05,Payment,2355.87,276490.12,952623.1149750799,0.290240826255022,204210
2042-10-31,Interest,940.6,277430.72,952623.1149750799,0.2912282051934646,204210
2042-11-05,Payment,2355.87,275074.85,954972.5405679407,0.28804477439362564,204211
2042-11-30,Interest,905.65,275980.5,954972.5405679407,0.28899312626923185,204211
2042-12-05,Payment,2355.87,273624.63,957327.7604781233,0.28582126341279623,204212
2042-12-31,Interest,930.86,274555.49,957327.7604781233,0.28679361586973856,204212
2043-01-05,Payment,2355.87,272199.62,959688.7889959776,0.28363321851948914,204301
2043-01-31,Interest,926.02,273125.64,959688.7889959776,0.2845981354911345,204301
2043-02-05,Payment,2355.87,270769.77,962055.640447097,0.2814491788376865,204302
2043-02-28,Interest,832.15,271601.92,962055.640447097,0.2823141495992666,204302
2043-03-05,Payment,2355.87,269246.05,964428.3291924059,0.27917683652600866,204303
2043-03-31,Interest,915.99,270162.04,964428.3291924059,0.28012661161273494,204303
2043-04-05,Payment,2355.87,267806.17,966806.8696282464,0.2770006900167931,204304
2043-04-30,Interest,881.75,268687.92,966806.8696282464,0.27791271291164393,204304
2043-05-05,Payment,2355.87,266332.05,969191.276186466,0.27479823286065097,204305
2043-05-31,Interest,906.09,267238.14,969191.276186466,0.27573312571644026,204305
2043-06-05,Payment,2355.87,264882.27,971581.5633345051,0.2726299880484701,204306
2043-06-30,Interest,872.14,265754.41,971581.5633345051,0.27352763785257583,204306
2043-07-05,Payment,2355.87,263398.54,973977.7455754844,0.27043589157611436,204307
2043-07-31,Interest,896.12,264294.66,973977.7455754844,0.27135595366590115,204307
2043-08-05,Payment,2355.87,261938.79,976379.8374482937,0.26827550094086366,204308
2043-08-31,Interest,891.17,262829.96,976379.8374482937,0.2691882297435487,204308
2043-09-05,Payment,2355.87,260474.09,978787.853527679,0.2661190461867885,204309
2043-09-30,Interest,857.64,261331.73,978787.853527679,0.26699527283478885,204309
2043-10-05,Payment,2355.87,258975.86,981201.8084243323,0.2639374059204779,204310
2043-10-31,Interest,881.1,259856.96,981201.8084243323,0.26483538632821374,204310
2043-11-05,Payment,2355.87,257501.09,983621.716784979,0.26178874012832526,204311
2043-11-30,Interest,847.87,258348.96,983621.716784979,0.2626507280099789,204311
2043-12-05,Payment,2355.87,255993.09,986047.5932924671,0.25961534893587135,204312
2043-12-31,Interest,870.97,256864.06,986047.5932924671,0.26049864301409303,204312
2044-01-05,Payment,2355.87,254508.19,988479.4526658569,0.25747443643224954,204401
2044-01-31,Interest,865.92,255374.11,988479.4526658569,0.2583504485715658,204401
2044-02-05,Payment,2355.87,253018.24,990917.3096605099,0.2553373904495467,204402
2044-02-29,Interest,805.4,253823.64,990917.3096605099,0.25615017269903223,204402
2044-03-05,Payment,2355.87,251467.77,993361.1790681782,0.253148376742374,204403
2044-03-31,Interest,855.59,252323.36,993361.1790681782,0.25400968481241815,204403
2044-04-05,Payment,2355.87,249967.49,995811.0757170938,0.25101898954075785,204404
2044-04-30,Interest,823.1,250790.59,995811.0757170938,0.2518455519480973,204404
2044-05-05,Payment,2355.87,248434.72,998267.01447206,0.24886600117843852,204405
2044-05-31,Interest,845.29,249280.01,998267.01447206,0.2497127585967902,204405
2044-06-05,Payment,2355.87,246924.14,1000729.0102345402,0.24674426090848367,204406
2044-06-30,Interest,813.1,247737.24,1000729.0102345402,0.24755676858207395,204406
2044-07-05,Payment,2355.87,245381.37,1003197.0779427489,0.24459936675972213,204407
2044-07-31,Interest,834.92,246216.29,1003197.0779427489,0.24543162596218332,204407
2044-08-05,Payment,2355.87,243860.42,1005671.2325717425,0.24248522986621626,204408
2044-08-31,Interest,829.75,244690.17,1005671.2325717425,0.2433103006976431,204408
2044-09-05,Payment,2355.87,242334.3,1008151.4891335095,0.24037488672290963,204409
2044-09-30,Interest,798.01,243132.31,1008151.4891335095,0.24116644434951778,204409
2044-10-05,Payment,2355.87,240776.44,1010637.8626770623,0.23824205374832405,204410
2044-10-31,Interest,819.27,241595.71,1010637.8626770623,0.23905270020266312,204410
2044-11-05,Payment,2355.87,239239.84,1013130.3682885284,0.23613924474906978,204411
2044-11-30,Interest,787.83,240027.67,1013130.3682885284,0.23691686431774472,204411
2044-12-05,Payment,2355.87,237671.8,1015629.021091241,0.23401438425285828,204412
2044-12-31,Interest,808.72,238480.52,1015629.021091241,0.2348106592540699,204412
2045-01-05,Payment,2355.87,236124.65,1018133.8362458327,0.2319190676057511,204501
2045-01-31,Interest,803.47,236928.12,1018133.8362458327,0.23270822711641292,204501
2045-02-05,Payment,2355.87,234572.25,1020644.8289503254,0.22982750056280019,204502
2045-02-28,Interest,721.07,235293.32,1020644.8289503254,0.23053398530611838,204502
2045-03-05,Payment,2355.87,232937.45,1023162.0144402235,0.22766428650836998,204503
2045-03-31,Interest,792.64,233730.09,1023162.0144402235,0.2284389829775637,204503
2045-04-05,Payment,2355.87,231374.22,1025685.4079886067,0.2255801030198239,204504
2045-04-30,Interest,761.97,232136.19,1025685.4079886067,0.2263229916229622,204504
2045-05-05,Payment,2355.87,229780.32,1028215.0249062218,0.22347496820614646,204505
2045-05-31,Interest,781.91,230562.23,1028215.0249062218,0.22423542198386803,204505
2045-06-05,Payment,2355.87,228206.36,1030750.8805415765,0.22139817128276032,204506
2045-06-30,Interest,751.56,228957.92,1030750.8805415765,0.2221273096363508,204506
2045-07-05,Payment,2355.87,226602.05,1033292.9902810315,0.21930086832232312,204507
2045-07-31,Interest,771.12,227373.17,1033292.9902810315,0.22004714261940347,204507
2045-08-05,Payment,2355.87,225017.3,1035841.3695488948,0.21723142810756266,204508
2045-08-31,Interest,765.73,225783.03,1035841.3695488948,0.21797066291948514,204508
2045-09-05,Payment,2355.87,223427.16,1038396.0338075148,0.21516565233859147,204509
2045-09-30,Interest,735.85,224163.01,1038396.0338075148,0.21587429333493835,204509
2045-10-05,Payment,2355.87,221807.14,1040956.9985573742,0.21308002185238656,204510
2045-10-31,Interest,754.83,222561.97,1040956.9985573742,0.21380515267051456,204510
2045-11-05,Payment,2355.87,220206.1,1043524.2793371843,0.21102153956577646,204511
2045-11-30,Interest,725.26,220931.36,1043524.2793371843,0.21171654974844384,204511
2045-12-05,Payment,2355.87,218575.49,1046097.8917239783,0.20894362920451517,204512
2045-12-31,Interest,743.85,219319.34,1046097.8917239783,0.20965470032499525,204512
2046-01-05,Payment,2355.87,216963.47,1048677.8513332077,0.20689239285846409,204601
2046-01-31,Interest,738.37,217701.84,1048677.8513332077,0.20759648897250071,204601
2046-02-05,Payment,2355.87,215345.97,1051264.173818835,0.2048447720021996,204602
2046-02-28,Interest,662.08,216008.05,1051264.173818835,0.2054745661267296,204602
2046-03-05,Payment,2355.87,213652.18,1053856.8748734302,0.20273358279857492,204603
2046-03-31,Interest,727.12,214379.3,1053856.8748734302,0.20342354366265084,204603
2046-04-05,Payment,2355.87,212023.43,1056455.9702282648,0.20069310598357337,204604
2046-04-30,Interest,698.35,212721.78,1056455.9702282648,0.20135413684494388,204604
2046-05-05,Payment,2355.87,210365.91,1059061.4756534086,0.19863427651375068,204605
2046-05-31,Interest,715.96,211081.87,1059061.4756534086,0.19931030903543057,204605
2046-06-05,Payment,2355.87,208726.0,1061673.4069578238,0.1966009496254547,204606
2046-06-30,Interest,687.51,209413.51,1061673.4069578238,0.1972485216523081,204606
2046-07-05,Payment,2355.87,207057.64,1064291.7799894623,0.19454969388380516,204607
2046-07-31,Interest,704.72,207762.36,1064291.7799894623,0.19521184313013962,204607
2046-08-05,Payment,2355.87,205406.49,1066916.6106353616,0.19252347179942955,204608
2046-08-31,Interest,699.11,206105.6,1066916.6106353616,0.19317873388179949,204608
2046-09-05,Payment,2355.87,203749.73,1069547.9148217402,0.1905007968099855,204609
2046-09-30,Interest,671.15,204420.88,1069547.9148217402,0.191128304928789,204609
2046-10-05,Payment,2355.87,202065.01,1072185.7085140955,0.18846083136104733,204610
2046-10-31,Interest,687.76,202752.77,1072185.7085140955,0.18910228740223364,204610
2046-11-05,Payment,2355.87,200396.9,1074830.0077172997,0.18644520394959804,204611
2046-11-30,Interest,660.13,201057.03,1074830.0077172997,0.18705937548859516,204611
2046-12-05,Payment,2355.87,198701.16,1077480.8284756977,0.18441271041555396,204612
2046-12-31,Interest,676.33,199377.49,1077480.8284756977,0.1850404060386462,204612
2047-01-05,Payment,2355.87,197021.62,1080138.1868732038,0.18240408717549408,204701
2047-01-31,Interest,670.62,197692.24,1080138.1868732038,0.18302495217975925,204701
2047-02-05,Payment,2355.87,195336.37,1082802.0990334002,0.18039895764366692,204702
2047-02-28,Interest,600.68,195937.05,1082802.0990334002,0.18095370352062468,204702
2047-03-05,Payment,2355.87,193581.18,1085472.5811196333,0.1783381573768788,204703
2047-03-31,Interest,658.94,194240.12,1085472.5811196333,0.17894521094180654,204703
2047-04-05,Payment,2355.87,191884.25,1088149.649335113,0.17633994562902827,204704
2047-04-30,Interest,632.14,192516.39,1088149.649335113,0.17692087675406817,204704
2047-05-05,Payment,2355.87,190160.52,1090833.319923011,0.17432591810948825,204705
2047-05-31,Interest,647.32,190807.84,1090833.319923011,0.17491933599302492,204705
2047-06-05,Payment,2355.87,188451.97,1093523.6091665586,0.1723346148361907,204706
2047-06-30,Interest,620.86,189072.83,1093523.6091665586,0.1729023757832755,204706
2047-07-05,Payment,2355.87,186716.96,1096220.5333891464,0.17032791697737473,204707
2047-07-31,Interest,635.62,187352.58,1096220.5333891464,0.17090774556171523,204707
2047-08-05,Payment,2355.87,184996.71,1098924.1089544226,0.16834348113084543,204708
2047-08-31,Interest,629.77,185626.48,1098924.1089544226,0.16891655983106543,204708
2047-09-05,Payment,2355.87,183270.61,1101634.3522663924,0.1663624682935471,204709
2047-09-30,Interest,603.82,183874.43,1101634.3522663924,0.16691058119394617,204709
2047-10-05,Payment,2355.87,181518.56,1104351.2797695182,0.16436668596778692,204710
2047-10-31,Interest,617.96,182136.52,1104351.2797695182,0.16492625429656085,204710
2047-11-05,Payment,2355.87,179780.65,1107074.9079488188,0.1623924891704902,204711
2047-11-30,Interest,592.35,180373.0,1107074.9079488188,0.16292754781534516,204711
2047-12-05,Payment,2355.87,178017.13,1109805.2533299688,0.1604039352542799,204712
2047-12-31,Interest,606.06,178623.19,1109805.2533299688,0.16095003106539768,204712
2048-01-05,Payment,2355.87,176267.32,1112542.3324794,0.15843650605831108,204801
2048-01-31,Interest,600.12,176867.44,1112542.3324794,0.15897591924060553,204801
2048-02-05,Payment,2355.87,174511.57,1115286.1620044021,0.15647246056237823,204802
2048-02-29,Interest,555.9,175067.47,1115286.1620044021,0.15697089766214548,204802
2048-03-05,Payment,2355.87,172711.6,1118036.7585532223,0.1544775685403177,204803
2048-03-31,Interest,588.04,173299.64,1118036.7585532223,0.15500352620271238,204803
2048-04-05,Payment,2355.87,170943.77,1120794.1388151662,0.15252022122520298,204804
2048-04-30,Interest,563.3,171507.07,1120794.1388151662,0.15302281129102496,204804
2048-05-05,Payment,2355.87,169151.2,1123558.3195207014,0.15054955053170554,204805
2048-05-31,Interest,575.94,169727.14,1123558.3195207014,0.15106215409664173,204805
2048-06-05,Payment,2355.87,167371.27,1126329.3174415552,0.1485988754871284,204806
2048-06-30,Interest,551.55,167922.82,1126329.3174415552,0.14908856353081074,204806
2048-07-05,Payment,2355.87,165566.95,1129107.1493908206,0.1466352861987697,204807
2048-07-31,Interest,563.76,166130.71,1129107.1493908206,0.14713458336494578,204807
2048-08-05,Payment,2355.87,163774.84,1131891.8322230552,0.1446912464050062,204808
2048-08-31,Interest,557.68,164332.52,1131891.8322230552,0.1451839436611607,204808
2048-09-05,Payment,2355.87,161976.65,1134683.3828343845,0.1427505262264352,204809
2048-09-30,Interest,533.82,162510.47,1134683.3828343845,0.14322098345536416,204809
2048-10-05,Payment,2355.87,160154.6,1137481.818162604,0.14079750325917365,204810
2048-10-31,Interest,545.38,160699.98,1137481.818162604,0.1412769658679747,204810
2048-11-05,Payment,2355.87,158344.11,1140287.1551872834,0.13886336374103345,204811
2048-11-30,Interest,521.87,158865.98,1140287.1551872834,0.1393210291612094,204811
2048-12-05,Payment,2355.87,156510.11,1143099.4109298678,0.1369173218912649,204812
2048-12-31,Interest,533.0,157043.11,1143099.4109298678,0.13738359804791728,204812
2049-01-05,Payment,2355.87,154687.24,1145918.602453782,0.13498972760261035,204901
2049-01-31,Interest,526.8,155214.04,1145918.602453782,0.1354494461191542,204901
2049-02-05,Payment,2355.87,152858.17,1148744.7468645342,0.1330653919569356,204902
2049-02-28,Interest,470.34,153328.51,1148744.7468645342,0.13347483017311354,204902
2049-03-05,Payment,2355.87,150972.64,1151577.861309819,0.13110067940024642,204903
2049-03-31,Interest,514.18,151486.82,1151577.861309819,0.1315471798213427,204903
2049-04-05,Payment,2355.87,149130.95,1154417.9629796213,0.12918280448017647,204904
2049-04-30,Interest,491.58,149622.53,1154417.9629796213,0.12960862945498125,204904
2049-05-05,Payment,2355.87,147266.66,1157265.0691063222,0.1272540439795043,204905
2049-05-31,Interest,501.59,147768.25,1157265.0691063222,0.12768747104249112,204905
2049-06-05,Payment,2355.87,145412.38,1160119.196964802,0.1253426202931903,204906
2049-06-30,Interest,479.36,145891.74,1160119.196964802,0.1257558192138306,204906
2049-07-05,Payment,2355.87,143535.87,1162980.3638725453,0.12342071668523076,204907
2049-07-31,Interest,488.92,144024.79,1162980.3638725453,0.12384111931212635,204907
2049-08-05,Payment,2355.87,141668.92,1165848.587189747,0.12151571100797051,204908
2049-08-31,Interest,482.58,142151.5,1165848.587189747,0.12192964126040856,204908
2049-09-05,Payment,2355.87,139795.63,1168723.884319416,0.11961390699344467,204909
2049-09-30,Interest,460.89,140256.52,1168723.884319416,0.12000826019028069,204909
2049-10-05,Payment,2355.87,137900.65,1171606.272707482,0.11770221209325157,204910
2049-10-31,Interest,469.78,138370.43,1171606.272707482,0.1181031829748041,204910
2049-11-05,Payment,2355.87,136014.56,1174495.7698429017,0.11580676873633444,204911
2049-11-30,Interest,448.46,136463.02,1174495.7698429017,0.11618860067776406,204911
2049-12-05,Payment,2355.87,134107.15,1177392.393257764,0.1139018315116974,204912
2049-12-31,Interest,456.89,134564.04,1177392.393257764,0.1142898839593065,204912
2050-01-05,Payment,2355.87,132208.17,1180296.1605273958,0.1120127086924734,205001
2050-01-31,Interest,450.44,132658.61,1180296.1605273958,0.11239434172243998,205001
2050-02-05,Payment,2355.87,130302.74,1183207.0892704704,0.11012674043420473,205002
2050-02-28,Interest,401.12,130703.86,1183207.0892704704,0.11046575124950277,205002
2050-03-05,Payment,2355.87,128347.99,1186125.1971491135,0.10820779316423607,205003
2050-03-31,Interest,437.32,128785.31,1186125.1971491135,0.10857648948824225,205003
2050-04-05,Payment,2355.87,126429.44,1189050.5018690098,0.10632806579810682,205004
2050-04-30,Interest,416.95,126846.39,1189050.5018690098,0.10667872373849253,205004
2050-05-05,Payment,2355.87,124490.52,1191983.021179512,0.10443984334341605,205005
2050-05-31,Interest,424.22,124914.74,1191983.021179512,0.10479573767451165,205005
2050-06-05,Payment,2355.87,122558.87,1194922.7728737462,0.1025663522214497,205006
2050-06-30,Interest,404.22,122963.09,1194922.7728737462,0.10290463349717421,205006
2050-07-05,Payment,2355.87,120607.22,1197869.7747887217,0.10068475099580211,205007
2050-07-31,Interest,411.03,121018.25,1197869.7747887217,0.10102788512327644,205007
2050-08-05,Payment,2355.87,118662.38,1200824.0448054394,0.09881745832231897,205008
2050-08-31,Interest,404.42,119066.8,1200824.0448054394,0.09915424371710638,205008
2050-09-05,Payment,2355.87,116710.93,1203785.6008489982,0.0969532530690572,205009
2050-09-30,Interest,385.0,117095.93,1203785.6008489982,0.0972730774628101,205009
2050-10-05,Payment,2355.87,114740.06,1206754.4608887066,0.09508152960586565,205010
2050-10-31,Interest,391.09,115131.15,1206754.4608887066,0.09540561376107315,205010
2050-11-05,Payment,2355.87,112775.28,1209730.642938189,0.09322346313894458,205011
2050-11-30,Interest,372.06,113147.34,1209730.642938189,0.0935310192070428,205011
2050-12-05,Payment,2355.87,110791.47,1212714.1650554966,0.09135827154697243,205012
2050-12-31,Interest,377.68,111169.15,1212714.1650554966,0.09166970519793725,205012
2051-01-05,Payment,2355.87,108813.28,1215705.0453432174,0.08950631604007193,205101
2051-01-31,Interest,370.96,109184.24,1215705.0453432174,0.08981145584468242,205101
2051-02-05,Payment,2355.87,106828.37,1218703.3019485846,0.08765740589132082,205102
2051-02-28,Interest,329.09,107157.46,1218703.3019485846,0.08792743880209888,205102
2051-03-05,Payment,2355.87,104801.59,1221708.953063587,0.08578277971786732,205103
2051-03-31,Interest,357.33,105158.92,1221708.953063587,0.08607526345477041,205103
2051-04-05,Payment,2355.87,102803.05,1224722.0169250804,0.08393990520241357,205104
2051-04-30,Interest,339.27,103142.32,1224722.0169250804,0.08421692316674462,205104
2051-05-05,Payment,2355.87,100786.45,1227742.5118148974,0.0820908692418034,205105
2051-05-31,Interest,343.69,101130.14,1227742.5118148974,0.08237080578932258,205105
2051-06-05,Payment,2355.87,98774.27,1230770.4560599586,0.08025401447821891,205106
2051-06-30,Interest,326.03,99100.3,1230770.4560599586,0.08051891358949893,205106
2051-07-05,Payment,2355.87,96744.43,1233805.8680323833,0.0784113874853615,205107
2051-07-31,Interest,329.96,97074.39,1233805.8680323833,0.07867882015734758,205107
2051-08-05,Payment,2355.87,94718.52,1236848.7661496026,0.0765805186472922,205108
2051-08-31,Interest,323.07,95041.59,1236848.7661496026,0.07684172277251904,205108
2051-09-05,Payment,2355.87,92685.72,1239899.1688744684,0.07475262692863682,205109
2051-09-30,Interest,306.01,92991.73,1239899.1688744684,0.07499942925553714,205109
2051-10-05,Payment,2355.87,90635.86,1242957.0947153678,0.0729195403327701,205110
2051-10-31,Interest,309.2,90945.06,1242957.0947153678,0.07316830193629978,205110
2051-11-05,Payment,2355.87,88589.19,1246022.5622263348,0.07109758096331176,205111
2051-11-30,Interest,292.54,88881.73,1246022.5622263348,0.07133236001857805,205111
2051-12-05,Payment,2355.87,86525.86,1249095.5900071617,0.0692708073683167,205112
2051-12-31,Interest,295.24,86821.1,1249095.5900071617,0.06950717038357505,205112
2052-01-05,Payment,2355.87,84465.23,1252176.196703514,0.06745474815953507,205201
2052-01-31,Interest,288.24,84753.47,1252176.196703514,0.06768493940638902,205201
2052-02-05,Payment,2355.87,82397.6,1255264.401007042,0.06564162891411254,205202
2052-02-29,Interest,263.16,82660.76,1255264.401007042,0.06585127398951567,205202
2052-03-05,Payment,2355.87,80304.89,1258360.2216554945,0.06381709197256025,205203
2052-03-31,Interest,274.11,80579.0,1258360.2216554945,0.06403492307949034,205203
2052-04-05,Payment,2355.87,78223.13,1261463.6774328328,0.062009815581206086,205204
2052-04-30,Interest,258.46,78481.59,1261463.6774328328,0.06221470455630997,205204
2052-05-05,Payment,2355.87,76125.72,1264574.7871693443,0.060198669760292874,205205
2052-05-31,Interest,259.91,76385.63,1264574.7871693443,0.060404201297563034,205205
2052-06-05,Payment,2355.87,74029.76,1267693.5697417574,0.05839720399866084,205206
2052-06-30,Interest,244.68,74274.44,1267693.5697417574,0.05859021594243039,205206
2052-07-05,Payment,2355.87,71918.57,1270820.0440733552,0.05659225343147694,205207
2052-07-31,Interest,245.62,72164.19,1270820.0440733552,0.05678553020669423,205207
2052-08-05,Payment,2355.87,69808.32,1273954.2291340907,0.0547965683566582,205208
2052-08-31,Interest,238.45,70046.77,1273954.2291340907,0.05498374148623137,205208
2052-09-05,Payment,2355.87,67690.9,1277096.1439407023,0.053003761949455074,205209
2052-09-30,Interest,223.84,67914.74,1277096.1439407023,0.0531790345795245,205209
2052-10-05,Payment,2355.87,65558.87,1280245.8075568287,0.05120803334252661,205210
2052-10-31,Interest,224.01,65782.88,1280245.8075568287,0.05138300755347717,205210
2052-11-05,Payment,2355.87,63427.01,1283403.2390931246,0.049420952096722655,205211
2052-11-30,Interest,209.82,63636.83,1283403.2390931246,0.04958443929514071,205211
2052-12-05,Payment,2355.87,61280.96,1286568.4577073767,0.04763132473277068,205212
2052-12-31,Interest,209.48,61490.44,1286568.4577073767,0.04779414545073954,205212
2053-01-05,Payment,2355.87,59134.57,1289741.4826046196,0.04584994031561918,205301
2053-01-31,Interest,202.19,59336.76,1289741.4826046196,0.04600670816617453,205301
2053-02-05,Payment,2355.87,56980.89,1292922.3330372535,0.0440713943475197,205302
2053-02-28,Interest,176.14,57157.03,1292922.3330372535,0.04420762836212306,205302
2053-03-05,Payment,2355.87,54801.16,1296111.0283051594,0.0422812234470838,205303
2053-03-31,Interest,187.46,54988.62,1296111.0283051594,0.042425856118132925,205303
2053-04-05,Payment,2355.87,52632.75,1299307.587755818,0.04050830649800793,205304
2053-04-30,Interest,174.33,52807.08,1299307.587755818,0.04064247796105703,205304
2053-05-05,Payment,2355.87,50451.21,1302512.0307844249,0.038733776585246786,205305
2053-05-31,Interest,172.69,50623.9,1302512.0307844249,0.03886635885390806,205305
2053-06-05,Payment,2355.87,48268.03,1305724.37683401,0.03696647688927696,205306
2053-06-30,Interest,159.98,48428.01,1305724.37683401,0.03708899891830418,205306
2053-07-05,Payment,2355.87,46072.14,1308944.6453955555,0.035197928470135774,205307
2053-07-31,Interest,157.81,46229.95,1308944.6453955555,0.03531849124607525,205307
2053-08-05,Payment,2355.87,43874.08,1312172.8560081134,0.03343620453594318,205308
2053-08-31,Interest,150.34,44024.42,1312172.8560081134,0.03355077785554176,205308
2053-09-05,Payment,2355.87,41668.55,1315409.0282589237,0.03167725711534193,205309
2053-09-30,Interest,138.28,41806.83,1315409.0282589237,0.031782380310507334,205309
2053-10-05,Payment,2355.87,39450.96,1318653.1817835337,0.02991761635659266,205310
2053-10-31,Interest,135.32,39586.28,1318653.1817835337,0.030020236212874335,205310
2053-11-05,Payment,2355.87,37230.41,1321905.3362659186,0.02816420282042845,205311
2053-11-30,Interest,123.69,37354.1,1321905.3362659186,0.028257772304268642,205311
2053-12-05,Payment,2355.87,34998.23,1325165.511438598,0.02641045944668902,205312
2053-12-31,Interest,120.19,35118.42,1325165.511438598,0.026501157551161655,205312
2054-01-05,Payment,2355.87,32762.55,1328433.7270827582,0.0246625400515437,205401
2054-01-31,Interest,112.59,32875.14,1328433.7270827582,0.024747293997265364,205401
2054-02-05,Payment,2355.87,30519.27,1331710.0030283711,0.02291735432684124,205402
2054-02-28,Interest,94.94,30614.21,1331710.0030283711,0.022988646124442895,205402
2054-03-05,Payment,2355.87,28258.34,1334994.3591543143,0.02116738531981585,205403
2054-03-31,Interest,97.29,28355.63,1334994.3591543143,0.021240262032240036,205403
2054-04-05,Payment,2355.87,25999.76,1338286.8153884923,0.01942764413505225,205404
2054-04-30,Interest,86.77,26086.53,1338286.8153884923,0.019492480759759498,205404
2054-05-05,Payment,2355.87,23730.66,1341587.3917079575,0.01768849360591322,205405
2054-05-31,Interest,81.91,23812.57,1341587.3917079575,0.017749548145115264,205405
2054-06-05,Payment,2355.87,21456.7,1344896.1081390304,0.01595416915116977,205406
2054-06-30,Interest,71.83,21528.53,1344896.1081390304,0.01600757848112864,205406
2054-07-05,Payment,2355.87,19172.66,1348212.9847574225,0.014220794649481621,205407
2054-07-31,Interest,66.43,19239.09,1348212.9847574225,0.014270067279808611,205407
2054-08-05,Payment,2355.87,16883.22,1351538.041688357,0.01249185703933963,205408
2054-08-31,Interest,58.65,16941.87,1351538.041688357,0.012535252044282836,205408
2054-09-05,Payment,2355.87,14586.0,1354871.2991066913,0.010765598186054279,205409
2054-09-30,Interest,49.24,14635.24,1354871.2991066913,0.010801941121381395,205409
2054-10-05,Payment,2355.87,12279.37,1358212.7772370398,0.009040829394183327,205410
2054-10-31,Interest,43.01,12322.38,1358212.7772370398,0.00907249600836987,205410
2054-11-05,Payment,2355.87,9966.51,1361562.496353896,0.007319906377187341,205411
2054-11-30,Interest,34.06,10000.57,1361562.496353896,0.007344921754807692,205411
2054-12-05,Payment,2355.87,7644.7,1364920.476781756,0.005600839118499319,205412
2054-12-31,Interest,27.26,7671.96,1364920.476781756,0.005620810978005943,205412
2055-01-05,Payment,2355.87,5316.09,1368286.738895241,0.0038852163430979593,205501
2055-01-31,Interest,19.35,5335.44,1368286.738895241,0.003899358115761504,205501
2055-02-05,Payment,2355.87,2979.57,1371661.3031192224,0.0021722344963908493,205502
2055-02-28,Interest,10.43,2990.0,1371661.3031192224,0.002179838414337854,205502
2055-03-05,Payment,2355.87,634.13,1375044.1899289435,0.00046117063338362176,205503
2055-03-31,Interest,3.45,637.58,1375044.1899289435,0.000463679643657814,205503
2055-04-05,Payment,637.58,0.0,1378435.419850147,0.0,205504
